<?xml version="1.0"?>
<records xmlns="http://www.openarchives.org/OAI/2.0/">
  <record>
    <header>
      <identifier>oai:mst.rochester.edu:125</identifier>
    </header>
    <metadata>
      <marc:record xmlns:marc="http://www.loc.gov/MARC21/slim" xmlns:xsi="http://www.w3.org/2001/XMLSchema-instance" xsi:schemaLocation="http://www.loc.gov/MARC21/slim http://www.loc.gov/standards/marcxml/schema/MARC21slim.xsd">
        <marc:leader>00991cam a2200277Ia 4500</marc:leader>
        <marc:controlfield tag="001">3722562</marc:controlfield>
        <marc:controlfield tag="005">20080225110035.0</marc:controlfield>
        <marc:controlfield tag="008">071020s2007    ru            000 1 rusod</marc:controlfield>
        <marc:datafield tag="035" ind1=" " ind2=" ">
          <marc:subfield code="a">(OCoLC)ocn175286707</marc:subfield>
        </marc:datafield>
        <marc:datafield tag="040" ind1=" " ind2=" ">
          <marc:subfield code="a">MLN</marc:subfield>
          <marc:subfield code="c">MLN</marc:subfield>
          <marc:subfield code="d">PAU</marc:subfield>
          <marc:subfield code="d">LNQ</marc:subfield>
        </marc:datafield>
        <marc:datafield tag="020" ind1=" " ind2=" ">
          <marc:subfield code="a">9785969704084</marc:subfield>
        </marc:datafield>
        <marc:datafield tag="020" ind1=" " ind2=" ">
          <marc:subfield code="a">5969704083</marc:subfield>
        </marc:datafield>
        <marc:datafield tag="035" ind1=" " ind2=" ">
          <marc:subfield code="a">(OCoLC)175286707</marc:subfield>
        </marc:datafield>
        <marc:datafield tag="050" ind1="1" ind2="4">
          <marc:subfield code="a">PG3485.8.D77</marc:subfield>
          <marc:subfield code="b">I37 2007</marc:subfield>
        </marc:datafield>
        <marc:datafield tag="082" ind1="0" ind2="4">
          <marc:subfield code="a">891.7/3/5</marc:subfield>
          <marc:subfield code="2">22</marc:subfield>
        </marc:datafield>
        <marc:datafield tag="049" ind1=" " ind2=" ">
          <marc:subfield code="a">RRRR</marc:subfield>
        </marc:datafield>
        <marc:datafield tag="100" ind1="1" ind2=" ">
          <marc:subfield code="6">880-01</marc:subfield>
          <marc:subfield code="a">Sadur, Nina,</marc:subfield>
          <marc:subfield code="d">1950-</marc:subfield>
        </marc:datafield>
        <marc:datafield tag="245" ind1="1" ind2="0">
          <marc:subfield code="6">880-02</marc:subfield>
          <marc:subfield code="a">Igolka li&#xFE20;u&#xFE21;bvi :</marc:subfield>
          <marc:subfield code="b">proza /</marc:subfield>
          <marc:subfield code="c">N. Sadur.</marc:subfield>
        </marc:datafield>
        <marc:datafield tag="260" ind1=" " ind2=" ">
          <marc:subfield code="6">880-03</marc:subfield>
          <marc:subfield code="a">Moskva :</marc:subfield>
          <marc:subfield code="b">Vagrius,</marc:subfield>
          <marc:subfield code="c">2007.</marc:subfield>
        </marc:datafield>
        <marc:datafield tag="300" ind1=" " ind2=" ">
          <marc:subfield code="a">287 p. ;</marc:subfield>
          <marc:subfield code="c">21 cm.</marc:subfield>
        </marc:datafield>
        <marc:datafield tag="505" ind1="0" ind2="0">
          <marc:subfield code="6">880-04</marc:subfield>
          <marc:subfield code="t">Detki v kletke --</marc:subfield>
          <marc:subfield code="t">I&#xFE20;U&#xFE21;g --</marc:subfield>
          <marc:subfield code="t">Nemet&#xFE20;s&#xFE21; --</marc:subfield>
          <marc:subfield code="t">Igolka l&#xFE20;u&#xFE21;bvi.</marc:subfield>
        </marc:datafield>
        <marc:datafield tag="880" ind1="1" ind2=" ">
          <marc:subfield code="6">100-01</marc:subfield>
          <marc:subfield code="a">&#x421;&#x430;&#x434;&#x443;&#x440;, &#x41D;&#x438;&#x43D;&#x430;,</marc:subfield>
          <marc:subfield code="d">1950-</marc:subfield>
        </marc:datafield>
        <marc:datafield tag="880" ind1="1" ind2="0">
          <marc:subfield code="6">245-02</marc:subfield>
          <marc:subfield code="a">&#x418;&#x433;&#x43E;&#x43B;&#x43A;&#x430; &#x43B;&#x44E;&#x431;&#x432;&#x438; :</marc:subfield>
          <marc:subfield code="b">&#x43F;&#x440;&#x43E;&#x437;&#x430; /</marc:subfield>
          <marc:subfield code="c">&#x41D;. &#x421;&#x430;&#x434;&#x443;&#x440;.</marc:subfield>
        </marc:datafield>
        <marc:datafield tag="880" ind1=" " ind2=" ">
          <marc:subfield code="6">260-03</marc:subfield>
          <marc:subfield code="a">&#x41C;&#x43E;&#x441;&#x43A;&#x432;&#x430; :</marc:subfield>
          <marc:subfield code="b">&#x412;&#x430;&#x433;&#x440;&#x438;&#x443;&#x441;,</marc:subfield>
          <marc:subfield code="c">2007.</marc:subfield>
        </marc:datafield>
        <marc:datafield tag="880" ind1="0" ind2="0">
          <marc:subfield code="6">505-04</marc:subfield>
          <marc:subfield code="t">&#x414;&#x435;&#x442;&#x43A;&#x438; &#x432; &#x43A;&#x43B;&#x435;&#x442;&#x43A;&#x435; --</marc:subfield>
          <marc:subfield code="t">&#x42E;&#x433; --</marc:subfield>
          <marc:subfield code="t">&#x41D;&#x435;&#x43C;&#x435;&#x446; --</marc:subfield>
          <marc:subfield code="t">&#x418;&#x433;&#x43E;&#x43B;&#x43A;&#x430; &#x43B;&#x44E;&#x431;&#x432;&#x438;.</marc:subfield>
        </marc:datafield>
        <marc:datafield tag="994" ind1=" " ind2=" ">
          <marc:subfield code="a">C0</marc:subfield>
          <marc:subfield code="b">RRR</marc:subfield>
        </marc:datafield>
      </marc:record>
    </metadata>
  </record>
</records>
